@ARTICLE{ThitaiKumar:2012,
	author = {ThitaiKumar A., Galaz B., and Ophir J.},
	title = {On the advantages of imaging the axial-shear strain component of the total shear strain in breast tumors},
	journal = {Ultrasound Med. \& Biol.},
	year = {2012},
	volume = {38},
	pages = {2031-2037},
}

@ARTICLE{Sowmiya:2016,
	author = {Sowmiya C., et al.},
	title = {Rotation elastogram: A novel method to visualize local rigid body rotation under quasi-static compression},
	journal = {Proc. Of SPIE, Medical Imaging 2016: Ultrasonic Imaging and Tomography},
	year = {2016},
	volume = {9790},
}

