@ARTICLE{ThitaiKumar:2012,
	title = {On the advantages of imaging the axial-shear strain component of the total shear strain in breast tumors},
	journal ={Ultrasound in Medicine \& Biology},
	author = {ThitaiKumar A., Galaz B., and Ophir J.},
	year = {2012},
	volume = {38},
	pages = {6},
	month = {October},
}

@ARTICLE{Nair:2011,
	author = {Nair S.~P.et al.},
	title = {Performance Analysis of a New Real-time Elastographic Time Constant Estimator},
	journal = {\newblock{\IEEE Transactions on Medical Imaging}},
	year = {2011},
	volume = {20},
	pages = {497-511},
	number = {2},
}